<record><leader>00000cas a22000007a 4500</leader><controlfield tag="001">38139144</controlfield><controlfield tag="008">971229d193u19uucauer ne      0    0eng d</controlfield><datafield ind1=" " ind2=" " tag="010"><subfield code="a">sn 97060530 </subfield></datafield><datafield ind1=" " ind2=" " tag="040"><subfield code="a">CNK</subfield><subfield code="b">eng</subfield><subfield code="c">CNK</subfield><subfield code="d">OCLCQ</subfield><subfield code="d">OCLCO</subfield></datafield><datafield ind1="1" ind2=" " tag="029"><subfield code="a">AU@</subfield><subfield code="b">000013708145</subfield></datafield><datafield ind1=" " ind2=" " tag="042"><subfield code="a">msc</subfield></datafield><datafield ind1=" " ind2=" " tag="043"><subfield code="a">n-us-ca</subfield></datafield><datafield ind1="0" ind2="0" tag="245"><subfield code="a">Workers alliance organizer.</subfield></datafield><datafield ind1="3" ind2=" " tag="246"><subfield code="a">Organizer</subfield></datafield><datafield ind1=" " ind2=" " tag="260"><subfield code="a">[San Diego, Calif. :</subfield><subfield code="b">Members of Workers Alliance]</subfield></datafield><datafield ind1=" " ind2=" " tag="300"><subfield code="a">v.</subfield></datafield><datafield ind1=" " ind2=" " tag="310"><subfield code="a">Biweekly,</subfield><subfield code="b">May 9-&lt;July 18, 1939&gt;</subfield></datafield><datafield ind1=" " ind2=" " tag="321"><subfield code="a">Biweekly,</subfield><subfield code="b">&lt;Mar. 29, 1937&gt;-Mar. 18, 1938</subfield></datafield><datafield ind1=" " ind2=" " tag="321"><subfield code="a">Monthly,</subfield><subfield code="b">Mar. 28, 1938-Apr. 25, 1939</subfield></datafield><datafield ind1=" " ind2=" " tag="500"><subfield code="a">"Workers Alliance" appears in small print above "Organizer."</subfield></datafield><datafield ind1=" " ind2=" " tag="515"><subfield code="a">Numbering is irregular.</subfield></datafield><datafield ind1=" " ind2=" " tag="550"><subfield code="a">Official Organ of the Workers Alliance of San Diego.</subfield></datafield><datafield ind1=" " ind2=" " tag="588"><subfield code="a">Description based on: Vol. 2, no. 7 (Mar. 29, 1937).</subfield></datafield><datafield ind1="2" ind2="0" tag="610"><subfield code="a">Workers Alliance of San Diego</subfield><subfield code="v">Newspapers.</subfield></datafield><datafield ind1=" " ind2="0" tag="650"><subfield code="a">Unemployed</subfield><subfield code="z">California</subfield><subfield code="z">San Diego County</subfield><subfield code="v">Newspapers.</subfield></datafield><datafield ind1="2" ind2=" " tag="710"><subfield code="a">Workers Alliance of San Diego.</subfield></datafield><datafield ind1=" " ind2=" " tag="752"><subfield code="a">United States</subfield><subfield code="b">California</subfield><subfield code="c">San Diego</subfield><subfield code="d">San Diego.</subfield></datafield></record>